01REMESSA01COBRANCA       00000000000001054508AGNETECH SOLUCOES EMPRESARIAIS237BRADESCO       280815        MX0002165                                                                                                                                                                                                                                                                                     000001
1000000000000000000000090180000183997                         2372000500061551964500000000002N           0  01005654165420111500000000012000000000001N161115000000000000000002011150000000000000000000000000000000000000000100009191332400THIAGO HENRIQUE PEQUENO DA SILVA        RUA CAPITAO LIMA, RECIFE, PERNAMBUCO                54100230                                                            000002
1000000000000000000000090180000183997                         2372000500061551964500000000002N           0  01005654165420111500000000012000000000001N161115000000000000000002011150000000000000000000000000000000000000000100009191332400THIAGO HENRIQUE PEQUENO DA SILVA        RUA CAPITAO LIMA, RECIFE, PERNAMBUCO                54100230                                                            000003
1000000000000000000000090180000183997                         2372000500061551964500000000002N           0  01005654165420111500000000012000000000001N161115000000000000000002011150000000000000000000000000000000000000000100009191332400THIAGO HENRIQUE PEQUENO DA SILVA        RUA CAPITAO LIMA, RECIFE, PERNAMBUCO                54100230                                                            000004
1000000000000000000000090180000183997                         2372000500061551964500000000002N           0  01005654165420111500000000012000000000001N161115000000000000000002011150000000000000000000000000000000000000000100009191332400THIAGO HENRIQUE PEQUENO DA SILVA        RUA CAPITAO LIMA, RECIFE, PERNAMBUCO                54100230                                                            000005
1000000000000000000000090180000183997                         2372000500061551964500000000002N           0  01005654165420111500000000012000000000001N161115000000000000000002011150000000000000000000000000000000000000000100009191332400THIAGO HENRIQUE PEQUENO DA SILVA        RUA CAPITAO LIMA, RECIFE, PERNAMBUCO                54100230                                                            000006
1000000000000000000000090180000183997                         2372000500061551964500000000002N           0  01005654165420111500000000012000000000001N161115000000000000000002011150000000000000000000000000000000000000000100009191332400THIAGO HENRIQUE PEQUENO DA SILVA        RUA CAPITAO LIMA, RECIFE, PERNAMBUCO                54100230                                                            000007
1000000000000000000000090180000183997                         2372000500061551964500000000002N           0  01005654165420111500000000012000000000001N161115000000000000000002011150000000000000000000000000000000000000000100009191332400THIAGO HENRIQUE PEQUENO DA SILVA        RUA CAPITAO LIMA, RECIFE, PERNAMBUCO                54100230                                                            000008
1000000000000000000000090180000183997                         2372000500061551964500000000002N           0  01005654165420111500000000012000000000001N161115000000000000000002011150000000000000000000000000000000000000000100009191332400THIAGO HENRIQUE PEQUENO DA SILVA        RUA CAPITAO LIMA, RECIFE, PERNAMBUCO                54100230                                                            000009
1000000000000000000000090180000183997                         2372000500061551964500000000002N           0  01005654165420111500000000012000000000001N161115000000000000000002011150000000000000000000000000000000000000000100009191332400THIAGO HENRIQUE PEQUENO DA SILVA        RUA CAPITAO LIMA, RECIFE, PERNAMBUCO                54100230                                                            000010
1000000000000000000000090180000183997                         2372000500061551964500000000002N           0  01005654165420111500000000012000000000001N161115000000000000000002011150000000000000000000000000000000000000000100009191332400THIAGO HENRIQUE PEQUENO DA SILVA        RUA CAPITAO LIMA, RECIFE, PERNAMBUCO                54100230                                                            000011
1000000000000000000000090180000183997                         2372000500061551964500000000002N           0  01005654165420111500000000012000000000001N161115000000000000000002011150000000000000000000000000000000000000000100009191332400THIAGO HENRIQUE PEQUENO DA SILVA        RUA CAPITAO LIMA, RECIFE, PERNAMBUCO                54100230                                                            000012
1000000000000000000000090180000183997                         2372000500061551964500000000002N           0  01005654165420111500000000012000000000001N161115000000000000000002011150000000000000000000000000000000000000000100009191332400THIAGO HENRIQUE PEQUENO DA SILVA        RUA CAPITAO LIMA, RECIFE, PERNAMBUCO                54100230                                                            000013
1000000000000000000000090180000183997                         2372000500061551964500000000002N           0  01005654165420111500000000012000000000001N161115000000000000000002011150000000000000000000000000000000000000000100009191332400THIAGO HENRIQUE PEQUENO DA SILVA        RUA CAPITAO LIMA, RECIFE, PERNAMBUCO                54100230                                                            000014
1000000000000000000000090180000183997                         2372000500061551964500000000002N           0  01005654165420111500000000012000000000001N161115000000000000000002011150000000000000000000000000000000000000000100009191332400THIAGO HENRIQUE PEQUENO DA SILVA        RUA CAPITAO LIMA, RECIFE, PERNAMBUCO                54100230                                                            000015
1000000000000000000000090180000183997                         2372000500061551964500000000002N           0  01005654165420111500000000012000000000001N161115000000000000000002011150000000000000000000000000000000000000000100009191332400THIAGO HENRIQUE PEQUENO DA SILVA        RUA CAPITAO LIMA, RECIFE, PERNAMBUCO                54100230                                                            000016
1000000000000000000000090180000183997                         2372000500061551964500000000002N           0  01005654165420111500000000012000000000001N161115000000000000000002011150000000000000000000000000000000000000000100009191332400THIAGO HENRIQUE PEQUENO DA SILVA        RUA CAPITAO LIMA, RECIFE, PERNAMBUCO                54100230                                                            000017
1000000000000000000000090180000183997                         2372000500061551964500000000002N           0  01005654165420111500000000012000000000001N161115000000000000000002011150000000000000000000000000000000000000000100009191332400THIAGO HENRIQUE PEQUENO DA SILVA        RUA CAPITAO LIMA, RECIFE, PERNAMBUCO                54100230                                                            000018
1000000000000000000000090180000183997                         2372000500061551964500000000002N           0  01005654165420111500000000012000000000001N161115000000000000000002011150000000000000000000000000000000000000000100009191332400THIAGO HENRIQUE PEQUENO DA SILVA        RUA CAPITAO LIMA, RECIFE, PERNAMBUCO                54100230                                                            000019
1000000000000000000000090180000183997                         2372000500061551964500000000002N           0  01005654165420111500000000012000000000001N161115000000000000000002011150000000000000000000000000000000000000000100009191332400THIAGO HENRIQUE PEQUENO DA SILVA        RUA CAPITAO LIMA, RECIFE, PERNAMBUCO                54100230                                                            000020
1000000000000000000000090180000183997                         2372000500061551964500000000002N           0  01005654165420111500000000012000000000001N161115000000000000000002011150000000000000000000000000000000000000000100009191332400THIAGO HENRIQUE PEQUENO DA SILVA        RUA CAPITAO LIMA, RECIFE, PERNAMBUCO                54100230                                                            000021
9                                                                                                                                                                                                                                                                                                                                                                                                         000022